@String{jrssb = {J. R. Stat.\ Soc. B}}
@String{cjs = {Can.\ J. Stat.}}
@String{as = {Ann.\ Stat.}}
@String{ncomp = {Neural Comput.}}
@String{jmlr = {J. Mach.\ Learn.\ Res.}}
@String{ba = {Bayesian Anal.}}
@String{sjs = {Scand.\ J. Stat.}}

@book{bernardoetal1994_r2000,
author =       {Jos{\'e}-Miguel Bernardo and Adrian F. Smith},
title =	       {Bayesian Theory},
publisher =    {Wiley},
year =	       {2000},
series =       {Wiley series in probability and mathematical statistics},
address =      {New York},
edition =      {repr.},
note =	       {\doi{10.1002/9780470316870}. First publ.\ 1994},
origdate =     {1994}
}

@Book{bernardoetal2011,
editor =       {Jos{\'e} M. Bernardo and M. J. Bayarri and James O. Berger and A. P. Dawid and David Heckerman and Adrian F. M. Smith and Mike West},
title =	       {Bayesian Statistics~9\subtitleproc{: Proceedings of the Ninth Valencia International Meeting, June 3--8, 2010}},
publisher =    {Oxford University Press},
year =	       {2011},
address =      {Oxford},
note =	       {\doi{10.1093/acprof:oso/9780199694587.001.0001}}
}

@Article{draper1995,
author =       {David Draper},
title =	       {Assessment and Propagation of Model Uncertainty},
journal =      jrssb,
year =	       {1995},
volume =       {57},
number =       {1},
pages =	       {45--70},
note =	       {\doi{10.1111/j.2517-6161.1995.tb02015.x}. See also discussion and reply in \citebi{spiegelhalteretal1995}}
}

@InCollection{dunsonetal2011,
author =       {David B. Dunson and Abhishek Bhattacharya},
title =        {Nonparametric {Bayes} regression and classification through mixtures of product kernels},
booktitle =    {\NoCaseChange{\citein{bernardoetal2011}}},
year =         {2011},
pages =        {145--158},
note =         {\doi{10.1093/acprof:oso/9780199694587.003.0005}}
}

@Misc{dyrlandetal2022b,
author =       {Kjetil Dyrland and Alexander Selvikv{\aa}g Lundervold and Piero Giovanni Luca {Porta Mana}},
title =	       {Don't guess what's true: choose what's optimal. {A} probability transducer for machine-learning classifiers},
year =	       {2022},
note =	       {\osfdoi{10.31219/osf.io/vct9y}, \arxivdoi{10.48550/arXiv.2302.10578}}
}

@PhdThesis{gal2016,
author =       {Yarin Gal},
title =	       {Uncertainty in Deep Learning},
school =       {University of Cambridge},
year =	       {2016},
address =      {Cambridge},
note =	       {\url{https://www.cs.ox.ac.uk/people/yarin.gal/website/thesis/thesis.pdf}}
}

@Book{hjortetal2010,
editor =       {Nils Lid Hjort and Chris Holmes and others},
title =	       {Bayesian Nonparametrics},
publisher =    {Cambridge University Press},
year =	       {2010},
series =       {Cambridge series in statistical and probabilistic mathematics},
address =      {Cambridge},
note =	       {\doi{10.1017/CBO9780511802478}}
}

@Book{huninketal2001_r2014,
author =       {M. G. Myriam Hunink and Milton C. Weinstein and others},
title =	       {Decision Making in Health and Medicine: Integrating Evidence and Values},
publisher =    {Cambridge University Press},
year =	       {2014},
address =      {Cambridge},
edition =      {2},
note =	       {\doi{10.1017/CBO9781139506779}. First publ.\ 2001},
origdate =     {2001}
}

@Misc{huszar2017,
author =       {Ferenc Husz{\'a}r},
title =	       {Everything that Works Works Because it's {Bayesian}: Why Deep Nets Generalize?},
year =	       {2017},
note =	       {\url{http://www.inference.vc/everything-that-works-works-because-its-bayesian-2}}
}

@Article{ishwaranetal2002c,
author =       {Hemant Ishwaran and Mahmoud Zarepour},
title =	       {Exact and approximate sum representations for the {Dirichlet} process},
journal =      cjs,
year =	       {2002},
volume =       {30},
number =       {2},
pages =	       {269--283},
note =	       {\doi{10.2307/3315951}}
}

@Article{lindleyetal1981,
author =       {Dennis Victor Lindley and Melvin R. Novick},
title =	       {The role of exchangeability in inference},
journal =      as,
year =	       {1981},
volume =       {9},
number =       {1},
pages =	       {45--58},
note =	       {\doi{10.1214/aos/1176345331}}
}

@Article{mackay1992b,
author =       {David J. C. MacKay},
title =	       {A Practical {Bayesian} Framework for Backpropagation Networks},
journal =      ncomp,
year =	       {1992},
volume =       {4},
number =       {3},
pages =	       {448--472},
note =	       {\url{https://www.inference.org.uk/mackay/PhD.html}, \doi{10.1162/neco.1992.4.3.448}}
}

@Book{mackay1995_r2005,
author =       {David J. C. MacKay},
title =        {Information Theory, Inference, and Learning Algorithms},
publisher =    {Cambridge University Press},
year =         {2005},
address =      {Cambridge},
edition =      {version~7.2 (4th pr.)},
note =         {\url{https://www.inference.org.uk/itila/book.html}. First publ.\ 1995. See also video lectures at \url{https://videolectures.net/events/course_information_theory_pattern_recognition}},
origdate =     {1995}
}

@Article{mandtetal2017,
author =       {Stephan Mandt and Matthew D. Hoffman and David M. Blei},
title =        {Stochastic Gradient Descent as Approximate {Bayesian} Inference},
journal =      jmlr,
year =         {2017},
volume =       {18},
pages =        {134},
note =         {\url{https://www.jmlr.org/papers/v18/17-214.html}},
keywords =     {deep learning, Bayes, neural networks, machine learning}
}

@Misc{portamanaetal2023b,
author =       {Piero Giovanni Luca {Porta Mana} and Ingrid Rye and others},
title =	       {Personalized prognosis \amp\ treatment using an optimal predictor machine: An example study on conversion from Mild Cognitive Impairment to {Alzheimer's} Disease},
year =	       {2023},
note =	       {\osfdoi{10.31219/osf.io/8nr56}}
}

@InCollection{selfetal1987,
author =       {Matthew Self and Peter C. Cheeseman},
title =	       {Bayesian prediction for artificial intelligence},
booktitle =    {{Proceedings of the Third Conference on Uncertainty in Artificial Intelligence (UAI'87)}},
publisher =    {AUAI Press},
year =	       {1987},
editor =       {John Lemmer and Tod Levitt and Laveen Kanal},
pages =	       {61--69},
address =      {Arlington, USA},
note =	       {Repr.\ in \arxivdoi{10.48550/arXiv.1304.2717}}
}

@Book{soxetal1988_r2024,
author =       {Harold C. Sox and Michael Clark Higgins and others},
title =	       {Medical Decision Making},
publisher =    {Wiley},
year =	       {2024},
address =      {New York},
edition =      {3},
note =	       {\doi{10.1002/9781119627876}. First publ.\ 1988},
keywords =     {Bayes, decision theory},
origdate =     {1988}
}

@Article{spiegelhalteretal1995,
author =       {David J. Spiegelhalter and A. P. Grieve and others},
title =	       {Discussion of the paper by {Draper}},
journal =      jrssb,
year =	       {1995},
volume =       {57},
number =       {1},
pages =	       {71--97},
note =	       {\doi{10.1111/j.2517-6161.1995.tb02016.x}. See \citebi{draper1995}}
}

@Article{vehtarietal2021,
author =       {Aki Vehtari and Andrew Gelman and others},
title =        {Rank-Normalization, Folding, and Localization: An Improved {$\hat{R}$} for Assessing Convergence of {MCMC}},
journal =      ba,
year =         {2021},
volume =       {16},
number =       {2},
pages =        {667--718},
note =         {\doi{10.1214/20-BA1221}. With invited discussion}
}

@Article{wadeetal2014b,
author =       {Sara Wade and David B. Dunson and others},
title =	       {Improving Prediction from {Dirichlet} Process Mixtures via Enrichment},
journal =      jmlr,
year =	       {2014},
volume =       {15},
number =       {30},
pages =	       {1041--1071},
note =	       {\url{http://jmlr.org/papers/v15/wade14a.html}}
}

@Article{wadeetal2014,
author =       {Sara Wade and Stephen G. Walker and Sonia Petrone},
title =	       {A Predictive Study of {Dirichlet} Process Mixture Models for Curve Fitting},
journal =      sjs,
year =	       {2014},
volume =       {41},
number =       {3},
pages =	       {580--605},
note =	       {\doi{10.1111/sjos.12047}}
}

@InCollection{walker2010,
author =       {Stephen G. Walker},
title =        {Bayesian nonparametric methods: motivation and ideas},
booktitle =    {\NoCaseChange{\citein{hjortetal2010}}},
year =         {2010},
chapter =      {\chapb~1},
pages =        {22--34},
note =         {\doi{10.1017/CBO9780511802478.002}}
}



